@misc{medus,
    title={„Bitė“ į išmanų klientų aptarnavimą investavo beveik 200 tūkst. eurų},
    year={2018},
    author = {„Bitė“},
    url = {https://www.bite.lt/apie/ziniasklaidai/bite-i-ismanu-klientu-aptarnavima-investavo-beveik-200-tukst-euru}
}

@misc{go3,
    title={„Bitė“ pristato televizijos paslaugą, dėl Lietuvoje paskelbto karantino 3 mėn. leis naudotis nemokamai},
    year={2020},
    author = {„Bitė“},
    url = {https://www.bite.lt/apie/ziniasklaidai/bite-pristato-televizijos-paslauga}
}